<?xml version="1.0" encoding="UTF-8"?>
<OAI-PMH xmlns="http://www.openarchives.org/OAI/2.0/" xmlns:xsi="http://www.w3.org/2001/XMLSchema-instance" xsi:schemaLocation="http://www.openarchives.org/OAI/2.0/ http://www.openarchives.org/OAI/2.0/OAI-PMH.xsd">
  <ListRecords>
    <record>
      <header>
        <identifier>aleph-publish:001568334</identifier>
      </header>
      <metadata>
        <record xmlns="http://www.ddb.de/professionell/mabxml/mabxml-1.xsd">
          <leader>00708nM2.01200024------u</leader>
          <controlfield tag="LDR">00708nM2.01200024------u</controlfield>
          <controlfield tag="FMT">MU</controlfield>
          <datafield tag="001" ind1="-" ind2="1">
            <subfield code="a">HT017611013</subfield>
          </datafield>
          <datafield tag="001" ind1="-" ind2="2">
            <subfield code="a">HT017622007</subfield>
          </datafield>
          <datafield tag="002" ind1="a" ind2="1">
            <subfield code="a">20130416</subfield>
          </datafield>
          <datafield tag="002" ind1="b" ind2="2">
            <subfield code="a">20130424</subfield>
          </datafield>
          <datafield tag="003" ind1="-" ind2="1">
            <subfield code="a">20130517</subfield>
          </datafield>
          <datafield tag="003" ind1="-" ind2="2">
            <subfield code="a">20130517</subfield>
          </datafield>
          <datafield tag="010" ind1="-" ind2="1">
            <subfield code="a">HT017622007</subfield>
          </datafield>
          <datafield tag="020" ind1="b" ind2="1">
            <subfield code="a">737297646</subfield>
          </datafield>
          <datafield tag="020" ind1="a" ind2="2">
            <subfield code="a">1031398902</subfield>
            <subfield code="b">DNB</subfield>
          </datafield>
          <datafield tag="025" ind1="a" ind2="1">
            <subfield code="a">1031398902</subfield>
          </datafield>
          <datafield tag="025" ind1="a" ind2="2">
            <subfield code="a">1031398902</subfield>
          </datafield>
          <datafield tag="026" ind1="-" ind2="1">
            <subfield code="a">HBZHT017611013</subfield>
          </datafield>
          <datafield tag="026" ind1="-" ind2="2">
            <subfield code="a">DNB1031398902</subfield>
          </datafield>
          <controlfield tag="030">a|1uc||||||||</controlfield>
          <datafield tag="036" ind1="a" ind2="2">
            <subfield code="a">XA-DE-NW</subfield>
          </datafield>
          <datafield tag="037" ind1="b" ind2="2">
            <subfield code="a">ger</subfield>
            <subfield code="a">eng</subfield>
          </datafield>
          <controlfield tag="050">a|||||||||||||</controlfield>
          <datafield tag="070" ind1="-" ind2="1">
            <subfield code="a">5</subfield>
          </datafield>
          <datafield tag="070" ind1="-" ind2="2">
            <subfield code="a">6</subfield>
          </datafield>
          <datafield tag="070" ind1="a" ind2="2">
            <subfield code="a">DNB</subfield>
          </datafield>
          <datafield tag="070" ind1="b" ind2="1">
            <subfield code="a">5</subfield>
          </datafield>
          <datafield tag="070" ind1="b" ind2="2">
            <subfield code="a">5</subfield>
          </datafield>
          <datafield tag="080" ind1="-" ind2="1">
            <subfield code="a">60</subfield>
          </datafield>
          <datafield tag="080" ind1="-" ind2="2">
            <subfield code="a">60</subfield>
          </datafield>
          <datafield tag="089" ind1="-" ind2="1">
            <subfield code="a">Buch</subfield>
          </datafield>
          <datafield tag="090" ind1="-" ind2="1">
            <subfield code="a">1</subfield>
          </datafield>
          <datafield tag="100" ind1="b" ind2="2">
            <subfield code="p">Kowalewski, Stefan</subfield>
            <subfield code="9">(DE-588)114443106</subfield>
            <subfield code="b">[Hrsg.]</subfield>
          </datafield>
          <datafield tag="200" ind1="b" ind2="2">
            <subfield code="e">Tagung Software Engineering</subfield>
            <subfield code="n">9</subfield>
            <subfield code="d">2013</subfield>
            <subfield code="c">Aachen</subfield>
            <subfield code="9">(DE-588)1031778551</subfield>
          </datafield>
          <datafield tag="204" ind1="b" ind2="2">
            <subfield code="k">Gesellschaft für Informatik</subfield>
            <subfield code="b">Fachbereich Softwaretechnik</subfield>
            <subfield code="9">(DE-588)10099075-7</subfield>
          </datafield>
          <datafield tag="208" ind1="b" ind2="2">
            <subfield code="k">Gesellschaft für Informatik</subfield>
            <subfield code="9">(DE-588)2011903-3</subfield>
          </datafield>
          <datafield tag="331" ind1="-" ind2="2">
            <subfield code="a">Software Engineering 2013</subfield>
          </datafield>
          <datafield tag="334" ind1="-" ind2="2">
            <subfield code="a">Medienkombination</subfield>
          </datafield>
          <datafield tag="335" ind1="-" ind2="2">
            <subfield code="a">Fachtagung des GI-Fachbereichs Softwaretechnik ; 26. Februar - 1. März 2013 in Aachen ; SE 2013 ; [Tagung Software Engineering]</subfield>
          </datafield>
          <datafield tag="359" ind1="-" ind2="2">
            <subfield code="a">Gesellschaft für Informatik e.V. (GI). Stefan Kowalewski ... (Hrsg.)</subfield>
          </datafield>
          <datafield tag="370" ind1="a" ind2="2">
            <subfield code="a">SE 2013</subfield>
          </datafield>
          <datafield tag="410" ind1="-" ind2="2">
            <subfield code="a">Bonn</subfield>
          </datafield>
          <datafield tag="425" ind1="b" ind2="2">
            <subfield code="a">2013</subfield>
          </datafield>
          <datafield tag="425" ind1="a" ind2="1">
            <subfield code="a">2013</subfield>
          </datafield>
          <datafield tag="433" ind1="-" ind2="1">
            <subfield code="a">379 S. : Ill., graph. Darst.</subfield>
          </datafield>
          <datafield tag="451" ind1="-" ind2="1">
            <subfield code="a">GI-Edition : Proceedings ; 213</subfield>
          </datafield>
          <datafield tag="451" ind1="-" ind2="2">
            <subfield code="a">GI-Edition : Proceedings ; ...</subfield>
          </datafield>
          <datafield tag="453" ind1="-" ind2="1">
            <subfield code="a">HT013183852</subfield>
          </datafield>
          <datafield tag="455" ind1="-" ind2="1">
            <subfield code="a">213</subfield>
          </datafield>
          <datafield tag="456" ind1="-" ind2="1">
            <subfield code="a">213</subfield>
          </datafield>
          <datafield tag="516" ind1="-" ind2="2">
            <subfield code="a">Beitr. teilw. dt., teilw. engl.</subfield>
          </datafield>
          <datafield tag="540" ind1="a" ind2="1">
            <subfield code="a">978-3-88579-607-7</subfield>
            <subfield code="b">: Pb. : EUR 29.90 (DE)</subfield>
          </datafield>
          <datafield tag="574" ind1="-" ind2="1">
            <subfield code="a">13N09</subfield>
          </datafield>
          <datafield tag="574" ind1="-" ind2="2">
            <subfield code="a">13,N09</subfield>
          </datafield>
          <datafield tag="655" ind1="e" ind2="2">
            <subfield code="m">B:DE-101</subfield>
            <subfield code="q">application/pdf</subfield>
            <subfield code="u">http://digitool.hbz-nrw.de:1801/webclient/DeliveryManager?pid=5125823&amp;custom_att_2=simple_viewer</subfield>
            <subfield code="3">Inhaltsverzeichnis</subfield>
            <subfield code="A">2</subfield>
          </datafield>
          <datafield tag="700" ind1="-" ind2="2">
            <subfield code="a">004</subfield>
          </datafield>
          <datafield tag="902" ind1="-" ind2="2">
            <subfield code="s">Software Engineering</subfield>
            <subfield code="9">(DE-588)4116521-4</subfield>
          </datafield>
          <datafield tag="902" ind1="-" ind2="2">
            <subfield code="f">Kongress</subfield>
          </datafield>
          <controlfield tag="SYS">001568334</controlfield>
          <datafield tag="PKO" ind1="-" ind2="1">
            <subfield code="e">Fachtagung Software Engineering</subfield>
            <subfield code="n">9</subfield>
            <subfield code="d">2013</subfield>
            <subfield code="c">Aachen</subfield>
            <subfield code="9">(DE-588)1031778551</subfield>
          </datafield>
          <datafield tag="PKO" ind1="-" ind2="1">
            <subfield code="e">Software-Engineering-Tagungsreihe</subfield>
            <subfield code="n">9</subfield>
            <subfield code="d">2013</subfield>
            <subfield code="c">Aachen</subfield>
            <subfield code="9">(DE-588)1031778551</subfield>
          </datafield>
          <datafield tag="PKO" ind1="-" ind2="1">
            <subfield code="e">SE</subfield>
            <subfield code="n">9</subfield>
            <subfield code="d">2013</subfield>
            <subfield code="c">Aachen</subfield>
            <subfield code="9">(DE-588)1031778551</subfield>
          </datafield>
          <datafield tag="PKO" ind1="-" ind2="1">
            <subfield code="e">Fachtagung Software Engineering</subfield>
            <subfield code="n">9</subfield>
            <subfield code="d">2013</subfield>
            <subfield code="c">Aachen</subfield>
            <subfield code="9">(DE-588)1031778551</subfield>
          </datafield>
          <datafield tag="PKO" ind1="-" ind2="1">
            <subfield code="e">Software-Engineering-Tagungsreihe</subfield>
            <subfield code="n">9</subfield>
            <subfield code="d">2013</subfield>
            <subfield code="c">Aachen</subfield>
            <subfield code="9">(DE-588)1031778551</subfield>
          </datafield>
          <datafield tag="PKO" ind1="-" ind2="1">
            <subfield code="e">SE</subfield>
            <subfield code="n">9</subfield>
            <subfield code="d">2013</subfield>
            <subfield code="c">Aachen</subfield>
            <subfield code="9">(DE-588)1031778551</subfield>
          </datafield>
          <datafield tag="PKO" ind1="-" ind2="1">
            <subfield code="k">GI-Fachbereich Softwaretechnik</subfield>
            <subfield code="9">(DE-588)10099075-7</subfield>
          </datafield>
          <datafield tag="PKO" ind1="-" ind2="1">
            <subfield code="k">SWT</subfield>
            <subfield code="9">(DE-588)10099075-7</subfield>
          </datafield>
          <datafield tag="PKO" ind1="-" ind2="1">
            <subfield code="k">GI-Fachbereich Softwaretechnik</subfield>
            <subfield code="9">(DE-588)10099075-7</subfield>
          </datafield>
          <datafield tag="PKO" ind1="-" ind2="1">
            <subfield code="k">SWT</subfield>
            <subfield code="9">(DE-588)10099075-7</subfield>
          </datafield>
          <datafield tag="PKO" ind1="-" ind2="1">
            <subfield code="k">German Society of Informatics</subfield>
            <subfield code="9">(DE-588)2011903-3</subfield>
          </datafield>
          <datafield tag="PKO" ind1="-" ind2="1">
            <subfield code="k">Society of Informatics</subfield>
            <subfield code="h">Deutschland, Bundesrepublik</subfield>
            <subfield code="9">(DE-588)2011903-3</subfield>
          </datafield>
          <datafield tag="PKO" ind1="-" ind2="1">
            <subfield code="k">Society of Informatics</subfield>
            <subfield code="h">Deutschland</subfield>
            <subfield code="9">(DE-588)2011903-3</subfield>
          </datafield>
          <datafield tag="PKO" ind1="-" ind2="1">
            <subfield code="k">Society of Computer Science</subfield>
            <subfield code="h">Deutschland</subfield>
            <subfield code="9">(DE-588)2011903-3</subfield>
          </datafield>
          <datafield tag="PKO" ind1="-" ind2="1">
            <subfield code="k">German Society of Computer Science</subfield>
            <subfield code="9">(DE-588)2011903-3</subfield>
          </datafield>
          <datafield tag="PKO" ind1="-" ind2="1">
            <subfield code="k">German Informatics Society</subfield>
            <subfield code="9">(DE-588)2011903-3</subfield>
          </datafield>
          <datafield tag="PKO" ind1="-" ind2="1">
            <subfield code="k">Informatics Society</subfield>
            <subfield code="h">Deutschland</subfield>
            <subfield code="9">(DE-588)2011903-3</subfield>
          </datafield>
          <datafield tag="PKO" ind1="-" ind2="1">
            <subfield code="k">German Computer Science Society</subfield>
            <subfield code="9">(DE-588)2011903-3</subfield>
          </datafield>
          <datafield tag="PKO" ind1="-" ind2="1">
            <subfield code="k">Computer Science Society</subfield>
            <subfield code="h">Deutschland</subfield>
            <subfield code="9">(DE-588)2011903-3</subfield>
          </datafield>
          <datafield tag="PKO" ind1="-" ind2="1">
            <subfield code="k">German Computing Science Organization</subfield>
            <subfield code="9">(DE-588)2011903-3</subfield>
          </datafield>
          <datafield tag="PKO" ind1="-" ind2="1">
            <subfield code="k">Computing Science Organization</subfield>
            <subfield code="h">Deutschland</subfield>
            <subfield code="9">(DE-588)2011903-3</subfield>
          </datafield>
          <datafield tag="PKO" ind1="-" ind2="1">
            <subfield code="k">GI</subfield>
            <subfield code="9">(DE-588)2011903-3</subfield>
          </datafield>
          <datafield tag="PKO" ind1="-" ind2="1">
            <subfield code="k">Gesellschaft für Informatik e.V.</subfield>
            <subfield code="9">(DE-588)2011903-3</subfield>
          </datafield>
          <datafield tag="PKO" ind1="-" ind2="1">
            <subfield code="k">German Society of Informatics</subfield>
            <subfield code="9">(DE-588)2011903-3</subfield>
          </datafield>
          <datafield tag="PKO" ind1="-" ind2="1">
            <subfield code="k">Society of Informatics</subfield>
            <subfield code="h">Deutschland, Bundesrepublik</subfield>
            <subfield code="9">(DE-588)2011903-3</subfield>
          </datafield>
          <datafield tag="PKO" ind1="-" ind2="1">
            <subfield code="k">Society of Informatics</subfield>
            <subfield code="h">Deutschland</subfield>
            <subfield code="9">(DE-588)2011903-3</subfield>
          </datafield>
          <datafield tag="PKO" ind1="-" ind2="1">
            <subfield code="k">Society of Computer Science</subfield>
            <subfield code="h">Deutschland</subfield>
            <subfield code="9">(DE-588)2011903-3</subfield>
          </datafield>
          <datafield tag="PKO" ind1="-" ind2="1">
            <subfield code="k">German Society of Computer Science</subfield>
            <subfield code="9">(DE-588)2011903-3</subfield>
          </datafield>
          <datafield tag="PKO" ind1="-" ind2="1">
            <subfield code="k">German Informatics Society</subfield>
            <subfield code="9">(DE-588)2011903-3</subfield>
          </datafield>
          <datafield tag="PKO" ind1="-" ind2="1">
            <subfield code="k">Informatics Society</subfield>
            <subfield code="h">Deutschland</subfield>
            <subfield code="9">(DE-588)2011903-3</subfield>
          </datafield>
          <datafield tag="PKO" ind1="-" ind2="1">
            <subfield code="k">German Computer Science Society</subfield>
            <subfield code="9">(DE-588)2011903-3</subfield>
          </datafield>
          <datafield tag="PKO" ind1="-" ind2="1">
            <subfield code="k">Computer Science Society</subfield>
            <subfield code="h">Deutschland</subfield>
            <subfield code="9">(DE-588)2011903-3</subfield>
          </datafield>
          <datafield tag="PKO" ind1="-" ind2="1">
            <subfield code="k">German Computing Science Organization</subfield>
            <subfield code="9">(DE-588)2011903-3</subfield>
          </datafield>
          <datafield tag="PKO" ind1="-" ind2="1">
            <subfield code="k">Computing Science Organization</subfield>
            <subfield code="h">Deutschland</subfield>
            <subfield code="9">(DE-588)2011903-3</subfield>
          </datafield>
          <datafield tag="PKO" ind1="-" ind2="1">
            <subfield code="k">GI</subfield>
            <subfield code="9">(DE-588)2011903-3</subfield>
          </datafield>
          <datafield tag="PKO" ind1="-" ind2="1">
            <subfield code="k">Gesellschaft für Informatik e.V.</subfield>
            <subfield code="9">(DE-588)2011903-3</subfield>
          </datafield>
          <datafield tag="PKO" ind1="-" ind2="1">
            <subfield code="e">Fachtagung Software Engineering</subfield>
            <subfield code="n">9</subfield>
            <subfield code="d">2013</subfield>
            <subfield code="c">Aachen</subfield>
            <subfield code="9">(DE-588)1031778551</subfield>
          </datafield>
          <datafield tag="PKO" ind1="-" ind2="1">
            <subfield code="e">Software-Engineering-Tagungsreihe</subfield>
            <subfield code="n">9</subfield>
            <subfield code="d">2013</subfield>
            <subfield code="c">Aachen</subfield>
            <subfield code="9">(DE-588)1031778551</subfield>
          </datafield>
          <datafield tag="PKO" ind1="-" ind2="1">
            <subfield code="e">SE</subfield>
            <subfield code="n">9</subfield>
            <subfield code="d">2013</subfield>
            <subfield code="c">Aachen</subfield>
            <subfield code="9">(DE-588)1031778551</subfield>
          </datafield>
          <datafield tag="PKO" ind1="-" ind2="1">
            <subfield code="k">GI-Fachbereich Softwaretechnik</subfield>
            <subfield code="9">(DE-588)10099075-7</subfield>
          </datafield>
          <datafield tag="PKO" ind1="-" ind2="1">
            <subfield code="k">SWT</subfield>
            <subfield code="9">(DE-588)10099075-7</subfield>
          </datafield>
          <datafield tag="PKO" ind1="-" ind2="1">
            <subfield code="k">German Society of Informatics</subfield>
            <subfield code="9">(DE-588)2011903-3</subfield>
          </datafield>
          <datafield tag="PKO" ind1="-" ind2="1">
            <subfield code="k">Society of Informatics</subfield>
            <subfield code="h">Deutschland, Bundesrepublik</subfield>
            <subfield code="9">(DE-588)2011903-3</subfield>
          </datafield>
          <datafield tag="PKO" ind1="-" ind2="1">
            <subfield code="k">Society of Informatics</subfield>
            <subfield code="h">Deutschland</subfield>
            <subfield code="9">(DE-588)2011903-3</subfield>
          </datafield>
          <datafield tag="PKO" ind1="-" ind2="1">
            <subfield code="k">Society of Computer Science</subfield>
            <subfield code="h">Deutschland</subfield>
            <subfield code="9">(DE-588)2011903-3</subfield>
          </datafield>
          <datafield tag="PKO" ind1="-" ind2="1">
            <subfield code="k">German Society of Computer Science</subfield>
            <subfield code="9">(DE-588)2011903-3</subfield>
          </datafield>
          <datafield tag="PKO" ind1="-" ind2="1">
            <subfield code="k">German Informatics Society</subfield>
            <subfield code="9">(DE-588)2011903-3</subfield>
          </datafield>
          <datafield tag="PKO" ind1="-" ind2="1">
            <subfield code="k">Informatics Society</subfield>
            <subfield code="h">Deutschland</subfield>
            <subfield code="9">(DE-588)2011903-3</subfield>
          </datafield>
          <datafield tag="PKO" ind1="-" ind2="1">
            <subfield code="k">German Computer Science Society</subfield>
            <subfield code="9">(DE-588)2011903-3</subfield>
          </datafield>
          <datafield tag="PKO" ind1="-" ind2="1">
            <subfield code="k">Computer Science Society</subfield>
            <subfield code="h">Deutschland</subfield>
            <subfield code="9">(DE-588)2011903-3</subfield>
          </datafield>
          <datafield tag="PKO" ind1="-" ind2="1">
            <subfield code="k">German Computing Science Organization</subfield>
            <subfield code="9">(DE-588)2011903-3</subfield>
          </datafield>
          <datafield tag="PKO" ind1="-" ind2="1">
            <subfield code="k">Computing Science Organization</subfield>
            <subfield code="h">Deutschland</subfield>
            <subfield code="9">(DE-588)2011903-3</subfield>
          </datafield>
          <datafield tag="PKO" ind1="-" ind2="1">
            <subfield code="k">GI</subfield>
            <subfield code="9">(DE-588)2011903-3</subfield>
          </datafield>
          <datafield tag="PKO" ind1="-" ind2="1">
            <subfield code="k">Gesellschaft für Informatik e.V.</subfield>
            <subfield code="9">(DE-588)2011903-3</subfield>
          </datafield>
          <datafield tag="PKO" ind1="-" ind2="1">
            <subfield code="k">German Society of Informatics</subfield>
            <subfield code="9">(DE-588)2011903-3</subfield>
          </datafield>
          <datafield tag="PKO" ind1="-" ind2="1">
            <subfield code="k">Society of Informatics</subfield>
            <subfield code="h">Deutschland, Bundesrepublik</subfield>
            <subfield code="9">(DE-588)2011903-3</subfield>
          </datafield>
          <datafield tag="PKO" ind1="-" ind2="1">
            <subfield code="k">Society of Informatics</subfield>
            <subfield code="h">Deutschland</subfield>
            <subfield code="9">(DE-588)2011903-3</subfield>
          </datafield>
          <datafield tag="PKO" ind1="-" ind2="1">
            <subfield code="k">Society of Computer Science</subfield>
            <subfield code="h">Deutschland</subfield>
            <subfield code="9">(DE-588)2011903-3</subfield>
          </datafield>
          <datafield tag="PKO" ind1="-" ind2="1">
            <subfield code="k">German Society of Computer Science</subfield>
            <subfield code="9">(DE-588)2011903-3</subfield>
          </datafield>
          <datafield tag="PKO" ind1="-" ind2="1">
            <subfield code="k">German Informatics Society</subfield>
            <subfield code="9">(DE-588)2011903-3</subfield>
          </datafield>
          <datafield tag="PKO" ind1="-" ind2="1">
            <subfield code="k">Informatics Society</subfield>
            <subfield code="h">Deutschland</subfield>
            <subfield code="9">(DE-588)2011903-3</subfield>
          </datafield>
          <datafield tag="PKO" ind1="-" ind2="1">
            <subfield code="k">German Computer Science Society</subfield>
            <subfield code="9">(DE-588)2011903-3</subfield>
          </datafield>
          <datafield tag="PKO" ind1="-" ind2="1">
            <subfield code="k">Computer Science Society</subfield>
            <subfield code="h">Deutschland</subfield>
            <subfield code="9">(DE-588)2011903-3</subfield>
          </datafield>
          <datafield tag="PKO" ind1="-" ind2="1">
            <subfield code="k">German Computing Science Organization</subfield>
            <subfield code="9">(DE-588)2011903-3</subfield>
          </datafield>
          <datafield tag="PKO" ind1="-" ind2="1">
            <subfield code="k">Computing Science Organization</subfield>
            <subfield code="h">Deutschland</subfield>
            <subfield code="9">(DE-588)2011903-3</subfield>
          </datafield>
          <datafield tag="PKO" ind1="-" ind2="1">
            <subfield code="k">GI</subfield>
            <subfield code="9">(DE-588)2011903-3</subfield>
          </datafield>
          <datafield tag="PKO" ind1="-" ind2="1">
            <subfield code="k">Gesellschaft für Informatik e.V.</subfield>
            <subfield code="9">(DE-588)2011903-3</subfield>
          </datafield>
          <datafield tag="PKO" ind1="-" ind2="1">
            <subfield code="k">German Society of Informatics</subfield>
            <subfield code="9">(DE-588)2011903-3</subfield>
          </datafield>
          <datafield tag="PKO" ind1="-" ind2="1">
            <subfield code="k">Society of Informatics</subfield>
            <subfield code="h">Deutschland, Bundesrepublik</subfield>
            <subfield code="9">(DE-588)2011903-3</subfield>
          </datafield>
          <datafield tag="PKO" ind1="-" ind2="1">
            <subfield code="k">Society of Informatics</subfield>
            <subfield code="h">Deutschland</subfield>
            <subfield code="9">(DE-588)2011903-3</subfield>
          </datafield>
          <datafield tag="PKO" ind1="-" ind2="1">
            <subfield code="k">Society of Computer Science</subfield>
            <subfield code="h">Deutschland</subfield>
            <subfield code="9">(DE-588)2011903-3</subfield>
          </datafield>
          <datafield tag="PKO" ind1="-" ind2="1">
            <subfield code="k">German Society of Computer Science</subfield>
            <subfield code="9">(DE-588)2011903-3</subfield>
          </datafield>
          <datafield tag="PKO" ind1="-" ind2="1">
            <subfield code="k">German Informatics Society</subfield>
            <subfield code="9">(DE-588)2011903-3</subfield>
          </datafield>
          <datafield tag="PKO" ind1="-" ind2="1">
            <subfield code="k">Informatics Society</subfield>
            <subfield code="h">Deutschland</subfield>
            <subfield code="9">(DE-588)2011903-3</subfield>
          </datafield>
          <datafield tag="PKO" ind1="-" ind2="1">
            <subfield code="k">German Computer Science Society</subfield>
            <subfield code="9">(DE-588)2011903-3</subfield>
          </datafield>
          <datafield tag="PKO" ind1="-" ind2="1">
            <subfield code="k">Computer Science Society</subfield>
            <subfield code="h">Deutschland</subfield>
            <subfield code="9">(DE-588)2011903-3</subfield>
          </datafield>
          <datafield tag="PKO" ind1="-" ind2="1">
            <subfield code="k">German Computing Science Organization</subfield>
            <subfield code="9">(DE-588)2011903-3</subfield>
          </datafield>
          <datafield tag="PKO" ind1="-" ind2="1">
            <subfield code="k">Computing Science Organization</subfield>
            <subfield code="h">Deutschland</subfield>
            <subfield code="9">(DE-588)2011903-3</subfield>
          </datafield>
          <datafield tag="PKO" ind1="-" ind2="1">
            <subfield code="k">GI</subfield>
            <subfield code="9">(DE-588)2011903-3</subfield>
          </datafield>
          <datafield tag="PKO" ind1="-" ind2="1">
            <subfield code="k">Gesellschaft für Informatik e.V.</subfield>
            <subfield code="9">(DE-588)2011903-3</subfield>
          </datafield>
          <datafield tag="PKO" ind1="-" ind2="1">
            <subfield code="k">German Society of Informatics</subfield>
            <subfield code="9">(DE-588)2011903-3</subfield>
          </datafield>
          <datafield tag="PKO" ind1="-" ind2="1">
            <subfield code="k">Society of Informatics</subfield>
            <subfield code="h">Deutschland, Bundesrepublik</subfield>
            <subfield code="9">(DE-588)2011903-3</subfield>
          </datafield>
          <datafield tag="PKO" ind1="-" ind2="1">
            <subfield code="k">Society of Informatics</subfield>
            <subfield code="h">Deutschland</subfield>
            <subfield code="9">(DE-588)2011903-3</subfield>
          </datafield>
          <datafield tag="PKO" ind1="-" ind2="1">
            <subfield code="k">Society of Computer Science</subfield>
            <subfield code="h">Deutschland</subfield>
            <subfield code="9">(DE-588)2011903-3</subfield>
          </datafield>
          <datafield tag="PKO" ind1="-" ind2="1">
            <subfield code="k">German Society of Computer Science</subfield>
            <subfield code="9">(DE-588)2011903-3</subfield>
          </datafield>
          <datafield tag="PKO" ind1="-" ind2="1">
            <subfield code="k">German Informatics Society</subfield>
            <subfield code="9">(DE-588)2011903-3</subfield>
          </datafield>
          <datafield tag="PKO" ind1="-" ind2="1">
            <subfield code="k">Informatics Society</subfield>
            <subfield code="h">Deutschland</subfield>
            <subfield code="9">(DE-588)2011903-3</subfield>
          </datafield>
          <datafield tag="PKO" ind1="-" ind2="1">
            <subfield code="k">German Computer Science Society</subfield>
            <subfield code="9">(DE-588)2011903-3</subfield>
          </datafield>
          <datafield tag="PKO" ind1="-" ind2="1">
            <subfield code="k">Computer Science Society</subfield>
            <subfield code="h">Deutschland</subfield>
            <subfield code="9">(DE-588)2011903-3</subfield>
          </datafield>
          <datafield tag="PKO" ind1="-" ind2="1">
            <subfield code="k">German Computing Science Organization</subfield>
            <subfield code="9">(DE-588)2011903-3</subfield>
          </datafield>
          <datafield tag="PKO" ind1="-" ind2="1">
            <subfield code="k">Computing Science Organization</subfield>
            <subfield code="h">Deutschland</subfield>
            <subfield code="9">(DE-588)2011903-3</subfield>
          </datafield>
          <datafield tag="PKO" ind1="-" ind2="1">
            <subfield code="k">GI</subfield>
            <subfield code="9">(DE-588)2011903-3</subfield>
          </datafield>
          <datafield tag="PKO" ind1="-" ind2="1">
            <subfield code="k">Gesellschaft für Informatik e.V.</subfield>
            <subfield code="9">(DE-588)2011903-3</subfield>
          </datafield>
          <datafield tag="PKO" ind1="-" ind2="1">
            <subfield code="k">German Society of Informatics</subfield>
            <subfield code="9">(DE-588)2011903-3</subfield>
          </datafield>
          <datafield tag="PKO" ind1="-" ind2="1">
            <subfield code="k">Society of Informatics</subfield>
            <subfield code="h">Deutschland, Bundesrepublik</subfield>
            <subfield code="9">(DE-588)2011903-3</subfield>
          </datafield>
          <datafield tag="PKO" ind1="-" ind2="1">
            <subfield code="k">Society of Informatics</subfield>
            <subfield code="h">Deutschland</subfield>
            <subfield code="9">(DE-588)2011903-3</subfield>
          </datafield>
          <datafield tag="PKO" ind1="-" ind2="1">
            <subfield code="k">Society of Computer Science</subfield>
            <subfield code="h">Deutschland</subfield>
            <subfield code="9">(DE-588)2011903-3</subfield>
          </datafield>
          <datafield tag="PKO" ind1="-" ind2="1">
            <subfield code="k">German Society of Computer Science</subfield>
            <subfield code="9">(DE-588)2011903-3</subfield>
          </datafield>
          <datafield tag="PKO" ind1="-" ind2="1">
            <subfield code="k">German Informatics Society</subfield>
            <subfield code="9">(DE-588)2011903-3</subfield>
          </datafield>
          <datafield tag="PKO" ind1="-" ind2="1">
            <subfield code="k">Informatics Society</subfield>
            <subfield code="h">Deutschland</subfield>
            <subfield code="9">(DE-588)2011903-3</subfield>
          </datafield>
          <datafield tag="PKO" ind1="-" ind2="1">
            <subfield code="k">German Computer Science Society</subfield>
            <subfield code="9">(DE-588)2011903-3</subfield>
          </datafield>
          <datafield tag="PKO" ind1="-" ind2="1">
            <subfield code="k">Computer Science Society</subfield>
            <subfield code="h">Deutschland</subfield>
            <subfield code="9">(DE-588)2011903-3</subfield>
          </datafield>
          <datafield tag="PKO" ind1="-" ind2="1">
            <subfield code="k">German Computing Science Organization</subfield>
            <subfield code="9">(DE-588)2011903-3</subfield>
          </datafield>
          <datafield tag="PKO" ind1="-" ind2="1">
            <subfield code="k">Computing Science Organization</subfield>
            <subfield code="h">Deutschland</subfield>
            <subfield code="9">(DE-588)2011903-3</subfield>
          </datafield>
          <datafield tag="PKO" ind1="-" ind2="1">
            <subfield code="k">GI</subfield>
            <subfield code="9">(DE-588)2011903-3</subfield>
          </datafield>
          <datafield tag="PKO" ind1="-" ind2="1">
            <subfield code="k">Gesellschaft für Informatik e.V.</subfield>
            <subfield code="9">(DE-588)2011903-3</subfield>
          </datafield>
          <datafield tag="PKO" ind1="-" ind2="1">
            <subfield code="k">German Society of Informatics</subfield>
            <subfield code="9">(DE-588)2011903-3</subfield>
          </datafield>
          <datafield tag="PKO" ind1="-" ind2="1">
            <subfield code="k">Society of Informatics</subfield>
            <subfield code="h">Deutschland, Bundesrepublik</subfield>
            <subfield code="9">(DE-588)2011903-3</subfield>
          </datafield>
          <datafield tag="PKO" ind1="-" ind2="1">
            <subfield code="k">Society of Informatics</subfield>
            <subfield code="h">Deutschland</subfield>
            <subfield code="9">(DE-588)2011903-3</subfield>
          </datafield>
          <datafield tag="PKO" ind1="-" ind2="1">
            <subfield code="k">Society of Computer Science</subfield>
            <subfield code="h">Deutschland</subfield>
            <subfield code="9">(DE-588)2011903-3</subfield>
          </datafield>
          <datafield tag="PKO" ind1="-" ind2="1">
            <subfield code="k">German Society of Computer Science</subfield>
            <subfield code="9">(DE-588)2011903-3</subfield>
          </datafield>
          <datafield tag="PKO" ind1="-" ind2="1">
            <subfield code="k">German Informatics Society</subfield>
            <subfield code="9">(DE-588)2011903-3</subfield>
          </datafield>
          <datafield tag="PKO" ind1="-" ind2="1">
            <subfield code="k">Informatics Society</subfield>
            <subfield code="h">Deutschland</subfield>
            <subfield code="9">(DE-588)2011903-3</subfield>
          </datafield>
          <datafield tag="PKO" ind1="-" ind2="1">
            <subfield code="k">German Computer Science Society</subfield>
            <subfield code="9">(DE-588)2011903-3</subfield>
          </datafield>
          <datafield tag="PKO" ind1="-" ind2="1">
            <subfield code="k">Computer Science Society</subfield>
            <subfield code="h">Deutschland</subfield>
            <subfield code="9">(DE-588)2011903-3</subfield>
          </datafield>
          <datafield tag="PKO" ind1="-" ind2="1">
            <subfield code="k">German Computing Science Organization</subfield>
            <subfield code="9">(DE-588)2011903-3</subfield>
          </datafield>
          <datafield tag="PKO" ind1="-" ind2="1">
            <subfield code="k">Computing Science Organization</subfield>
            <subfield code="h">Deutschland</subfield>
            <subfield code="9">(DE-588)2011903-3</subfield>
          </datafield>
          <datafield tag="PKO" ind1="-" ind2="1">
            <subfield code="k">GI</subfield>
            <subfield code="9">(DE-588)2011903-3</subfield>
          </datafield>
          <datafield tag="PKO" ind1="-" ind2="1">
            <subfield code="k">Gesellschaft für Informatik e.V.</subfield>
            <subfield code="9">(DE-588)2011903-3</subfield>
          </datafield>
          <datafield tag="PKO" ind1="-" ind2="1">
            <subfield code="k">German Society of Informatics</subfield>
            <subfield code="9">(DE-588)2011903-3</subfield>
          </datafield>
          <datafield tag="PKO" ind1="-" ind2="1">
            <subfield code="k">Society of Informatics</subfield>
            <subfield code="h">Deutschland, Bundesrepublik</subfield>
            <subfield code="9">(DE-588)2011903-3</subfield>
          </datafield>
          <datafield tag="PKO" ind1="-" ind2="1">
            <subfield code="k">Society of Informatics</subfield>
            <subfield code="h">Deutschland</subfield>
            <subfield code="9">(DE-588)2011903-3</subfield>
          </datafield>
          <datafield tag="PKO" ind1="-" ind2="1">
            <subfield code="k">Society of Computer Science</subfield>
            <subfield code="h">Deutschland</subfield>
            <subfield code="9">(DE-588)2011903-3</subfield>
          </datafield>
          <datafield tag="PKO" ind1="-" ind2="1">
            <subfield code="k">German Society of Computer Science</subfield>
            <subfield code="9">(DE-588)2011903-3</subfield>
          </datafield>
          <datafield tag="PKO" ind1="-" ind2="1">
            <subfield code="k">German Informatics Society</subfield>
            <subfield code="9">(DE-588)2011903-3</subfield>
          </datafield>
          <datafield tag="PKO" ind1="-" ind2="1">
            <subfield code="k">Informatics Society</subfield>
            <subfield code="h">Deutschland</subfield>
            <subfield code="9">(DE-588)2011903-3</subfield>
          </datafield>
          <datafield tag="PKO" ind1="-" ind2="1">
            <subfield code="k">German Computer Science Society</subfield>
            <subfield code="9">(DE-588)2011903-3</subfield>
          </datafield>
          <datafield tag="PKO" ind1="-" ind2="1">
            <subfield code="k">Computer Science Society</subfield>
            <subfield code="h">Deutschland</subfield>
            <subfield code="9">(DE-588)2011903-3</subfield>
          </datafield>
          <datafield tag="PKO" ind1="-" ind2="1">
            <subfield code="k">German Computing Science Organization</subfield>
            <subfield code="9">(DE-588)2011903-3</subfield>
          </datafield>
          <datafield tag="PKO" ind1="-" ind2="1">
            <subfield code="k">Computing Science Organization</subfield>
            <subfield code="h">Deutschland</subfield>
            <subfield code="9">(DE-588)2011903-3</subfield>
          </datafield>
          <datafield tag="PKO" ind1="-" ind2="1">
            <subfield code="k">GI</subfield>
            <subfield code="9">(DE-588)2011903-3</subfield>
          </datafield>
          <datafield tag="PKO" ind1="-" ind2="1">
            <subfield code="k">Gesellschaft für Informatik e.V.</subfield>
            <subfield code="9">(DE-588)2011903-3</subfield>
          </datafield>
          <datafield tag="PKO" ind1="-" ind2="1">
            <subfield code="k">German Society of Informatics</subfield>
            <subfield code="9">(DE-588)2011903-3</subfield>
          </datafield>
          <datafield tag="PKO" ind1="-" ind2="1">
            <subfield code="k">Society of Informatics</subfield>
            <subfield code="h">Deutschland, Bundesrepublik</subfield>
            <subfield code="9">(DE-588)2011903-3</subfield>
          </datafield>
          <datafield tag="PKO" ind1="-" ind2="1">
            <subfield code="k">Society of Informatics</subfield>
            <subfield code="h">Deutschland</subfield>
            <subfield code="9">(DE-588)2011903-3</subfield>
          </datafield>
          <datafield tag="PKO" ind1="-" ind2="1">
            <subfield code="k">Society of Computer Science</subfield>
            <subfield code="h">Deutschland</subfield>
            <subfield code="9">(DE-588)2011903-3</subfield>
          </datafield>
          <datafield tag="PKO" ind1="-" ind2="1">
            <subfield code="k">German Society of Computer Science</subfield>
            <subfield code="9">(DE-588)2011903-3</subfield>
          </datafield>
          <datafield tag="PKO" ind1="-" ind2="1">
            <subfield code="k">German Informatics Society</subfield>
            <subfield code="9">(DE-588)2011903-3</subfield>
          </datafield>
          <datafield tag="PKO" ind1="-" ind2="1">
            <subfield code="k">Informatics Society</subfield>
            <subfield code="h">Deutschland</subfield>
            <subfield code="9">(DE-588)2011903-3</subfield>
          </datafield>
          <datafield tag="PKO" ind1="-" ind2="1">
            <subfield code="k">German Computer Science Society</subfield>
            <subfield code="9">(DE-588)2011903-3</subfield>
          </datafield>
          <datafield tag="PKO" ind1="-" ind2="1">
            <subfield code="k">Computer Science Society</subfield>
            <subfield code="h">Deutschland</subfield>
            <subfield code="9">(DE-588)2011903-3</subfield>
          </datafield>
          <datafield tag="PKO" ind1="-" ind2="1">
            <subfield code="k">German Computing Science Organization</subfield>
            <subfield code="9">(DE-588)2011903-3</subfield>
          </datafield>
          <datafield tag="PKO" ind1="-" ind2="1">
            <subfield code="k">Computing Science Organization</subfield>
            <subfield code="h">Deutschland</subfield>
            <subfield code="9">(DE-588)2011903-3</subfield>
          </datafield>
          <datafield tag="PKO" ind1="-" ind2="1">
            <subfield code="k">GI</subfield>
            <subfield code="9">(DE-588)2011903-3</subfield>
          </datafield>
          <datafield tag="PKO" ind1="-" ind2="1">
            <subfield code="k">Gesellschaft für Informatik e.V.</subfield>
            <subfield code="9">(DE-588)2011903-3</subfield>
          </datafield>
          <datafield tag="PKO" ind1="-" ind2="1">
            <subfield code="k">German Society of Informatics</subfield>
            <subfield code="9">(DE-588)2011903-3</subfield>
          </datafield>
          <datafield tag="PKO" ind1="-" ind2="1">
            <subfield code="k">Society of Informatics</subfield>
            <subfield code="h">Deutschland, Bundesrepublik</subfield>
            <subfield code="9">(DE-588)2011903-3</subfield>
          </datafield>
          <datafield tag="PKO" ind1="-" ind2="1">
            <subfield code="k">Society of Informatics</subfield>
            <subfield code="h">Deutschland</subfield>
            <subfield code="9">(DE-588)2011903-3</subfield>
          </datafield>
          <datafield tag="PKO" ind1="-" ind2="1">
            <subfield code="k">Society of Computer Science</subfield>
            <subfield code="h">Deutschland</subfield>
            <subfield code="9">(DE-588)2011903-3</subfield>
          </datafield>
          <datafield tag="PKO" ind1="-" ind2="1">
            <subfield code="k">German Society of Computer Science</subfield>
            <subfield code="9">(DE-588)2011903-3</subfield>
          </datafield>
          <datafield tag="PKO" ind1="-" ind2="1">
            <subfield code="k">German Informatics Society</subfield>
            <subfield code="9">(DE-588)2011903-3</subfield>
          </datafield>
          <datafield tag="PKO" ind1="-" ind2="1">
            <subfield code="k">Informatics Society</subfield>
            <subfield code="h">Deutschland</subfield>
            <subfield code="9">(DE-588)2011903-3</subfield>
          </datafield>
          <datafield tag="PKO" ind1="-" ind2="1">
            <subfield code="k">German Computer Science Society</subfield>
            <subfield code="9">(DE-588)2011903-3</subfield>
          </datafield>
          <datafield tag="PKO" ind1="-" ind2="1">
            <subfield code="k">Computer Science Society</subfield>
            <subfield code="h">Deutschland</subfield>
            <subfield code="9">(DE-588)2011903-3</subfield>
          </datafield>
          <datafield tag="PKO" ind1="-" ind2="1">
            <subfield code="k">German Computing Science Organization</subfield>
            <subfield code="9">(DE-588)2011903-3</subfield>
          </datafield>
          <datafield tag="PKO" ind1="-" ind2="1">
            <subfield code="k">Computing Science Organization</subfield>
            <subfield code="h">Deutschland</subfield>
            <subfield code="9">(DE-588)2011903-3</subfield>
          </datafield>
          <datafield tag="PKO" ind1="-" ind2="1">
            <subfield code="k">GI</subfield>
            <subfield code="9">(DE-588)2011903-3</subfield>
          </datafield>
          <datafield tag="PKO" ind1="-" ind2="1">
            <subfield code="k">Gesellschaft für Informatik e.V.</subfield>
            <subfield code="9">(DE-588)2011903-3</subfield>
          </datafield>
          <datafield tag="PKO" ind1="-" ind2="1">
            <subfield code="k">German Society of Informatics</subfield>
            <subfield code="9">(DE-588)2011903-3</subfield>
          </datafield>
          <datafield tag="PKO" ind1="-" ind2="1">
            <subfield code="k">Society of Informatics</subfield>
            <subfield code="h">Deutschland, Bundesrepublik</subfield>
            <subfield code="9">(DE-588)2011903-3</subfield>
          </datafield>
          <datafield tag="PKO" ind1="-" ind2="1">
            <subfield code="k">Society of Informatics</subfield>
            <subfield code="h">Deutschland</subfield>
            <subfield code="9">(DE-588)2011903-3</subfield>
          </datafield>
          <datafield tag="PKO" ind1="-" ind2="1">
            <subfield code="k">Society of Computer Science</subfield>
            <subfield code="h">Deutschland</subfield>
            <subfield code="9">(DE-588)2011903-3</subfield>
          </datafield>
          <datafield tag="PKO" ind1="-" ind2="1">
            <subfield code="k">German Society of Computer Science</subfield>
            <subfield code="9">(DE-588)2011903-3</subfield>
          </datafield>
          <datafield tag="PKO" ind1="-" ind2="1">
            <subfield code="k">German Informatics Society</subfield>
            <subfield code="9">(DE-588)2011903-3</subfield>
          </datafield>
          <datafield tag="PKO" ind1="-" ind2="1">
            <subfield code="k">Informatics Society</subfield>
            <subfield code="h">Deutschland</subfield>
            <subfield code="9">(DE-588)2011903-3</subfield>
          </datafield>
          <datafield tag="PKO" ind1="-" ind2="1">
            <subfield code="k">German Computer Science Society</subfield>
            <subfield code="9">(DE-588)2011903-3</subfield>
          </datafield>
          <datafield tag="PKO" ind1="-" ind2="1">
            <subfield code="k">Computer Science Society</subfield>
            <subfield code="h">Deutschland</subfield>
            <subfield code="9">(DE-588)2011903-3</subfield>
          </datafield>
          <datafield tag="PKO" ind1="-" ind2="1">
            <subfield code="k">German Computing Science Organization</subfield>
            <subfield code="9">(DE-588)2011903-3</subfield>
          </datafield>
          <datafield tag="PKO" ind1="-" ind2="1">
            <subfield code="k">Computing Science Organization</subfield>
            <subfield code="h">Deutschland</subfield>
            <subfield code="9">(DE-588)2011903-3</subfield>
          </datafield>
          <datafield tag="PKO" ind1="-" ind2="1">
            <subfield code="k">GI</subfield>
            <subfield code="9">(DE-588)2011903-3</subfield>
          </datafield>
          <datafield tag="PKO" ind1="-" ind2="1">
            <subfield code="k">Gesellschaft für Informatik e.V.</subfield>
            <subfield code="9">(DE-588)2011903-3</subfield>
          </datafield>
          <datafield tag="PKO" ind1="-" ind2="2">
            <subfield code="e">Fachtagung Software Engineering</subfield>
            <subfield code="n">9</subfield>
            <subfield code="d">2013</subfield>
            <subfield code="c">Aachen</subfield>
            <subfield code="9">(DE-588)1031778551</subfield>
          </datafield>
          <datafield tag="PKO" ind1="-" ind2="2">
            <subfield code="e">Software-Engineering-Tagungsreihe</subfield>
            <subfield code="n">9</subfield>
            <subfield code="d">2013</subfield>
            <subfield code="c">Aachen</subfield>
            <subfield code="9">(DE-588)1031778551</subfield>
          </datafield>
          <datafield tag="PKO" ind1="-" ind2="2">
            <subfield code="e">SE</subfield>
            <subfield code="n">9</subfield>
            <subfield code="d">2013</subfield>
            <subfield code="c">Aachen</subfield>
            <subfield code="9">(DE-588)1031778551</subfield>
          </datafield>
          <datafield tag="PKO" ind1="-" ind2="2">
            <subfield code="e">Fachtagung Software Engineering</subfield>
            <subfield code="n">9</subfield>
            <subfield code="d">2013</subfield>
            <subfield code="c">Aachen</subfield>
            <subfield code="9">(DE-588)1031778551</subfield>
          </datafield>
          <datafield tag="PKO" ind1="-" ind2="2">
            <subfield code="e">Software-Engineering-Tagungsreihe</subfield>
            <subfield code="n">9</subfield>
            <subfield code="d">2013</subfield>
            <subfield code="c">Aachen</subfield>
            <subfield code="9">(DE-588)1031778551</subfield>
          </datafield>
          <datafield tag="PKO" ind1="-" ind2="2">
            <subfield code="e">SE</subfield>
            <subfield code="n">9</subfield>
            <subfield code="d">2013</subfield>
            <subfield code="c">Aachen</subfield>
            <subfield code="9">(DE-588)1031778551</subfield>
          </datafield>
          <datafield tag="PKO" ind1="-" ind2="2">
            <subfield code="k">GI-Fachbereich Softwaretechnik</subfield>
            <subfield code="9">(DE-588)10099075-7</subfield>
          </datafield>
          <datafield tag="PKO" ind1="-" ind2="2">
            <subfield code="k">SWT</subfield>
            <subfield code="9">(DE-588)10099075-7</subfield>
          </datafield>
          <datafield tag="PKO" ind1="-" ind2="2">
            <subfield code="k">GI-Fachbereich Softwaretechnik</subfield>
            <subfield code="9">(DE-588)10099075-7</subfield>
          </datafield>
          <datafield tag="PKO" ind1="-" ind2="2">
            <subfield code="k">SWT</subfield>
            <subfield code="9">(DE-588)10099075-7</subfield>
          </datafield>
          <datafield tag="PKO" ind1="-" ind2="2">
            <subfield code="k">German Society of Informatics</subfield>
            <subfield code="9">(DE-588)2011903-3</subfield>
          </datafield>
          <datafield tag="PKO" ind1="-" ind2="2">
            <subfield code="k">Society of Informatics</subfield>
            <subfield code="h">Deutschland, Bundesrepublik</subfield>
            <subfield code="9">(DE-588)2011903-3</subfield>
          </datafield>
          <datafield tag="PKO" ind1="-" ind2="2">
            <subfield code="k">Society of Informatics</subfield>
            <subfield code="h">Deutschland</subfield>
            <subfield code="9">(DE-588)2011903-3</subfield>
          </datafield>
          <datafield tag="PKO" ind1="-" ind2="2">
            <subfield code="k">Society of Computer Science</subfield>
            <subfield code="h">Deutschland</subfield>
            <subfield code="9">(DE-588)2011903-3</subfield>
          </datafield>
          <datafield tag="PKO" ind1="-" ind2="2">
            <subfield code="k">German Society of Computer Science</subfield>
            <subfield code="9">(DE-588)2011903-3</subfield>
          </datafield>
          <datafield tag="PKO" ind1="-" ind2="2">
            <subfield code="k">German Informatics Society</subfield>
            <subfield code="9">(DE-588)2011903-3</subfield>
          </datafield>
          <datafield tag="PKO" ind1="-" ind2="2">
            <subfield code="k">Informatics Society</subfield>
            <subfield code="h">Deutschland</subfield>
            <subfield code="9">(DE-588)2011903-3</subfield>
          </datafield>
          <datafield tag="PKO" ind1="-" ind2="2">
            <subfield code="k">German Computer Science Society</subfield>
            <subfield code="9">(DE-588)2011903-3</subfield>
          </datafield>
          <datafield tag="PKO" ind1="-" ind2="2">
            <subfield code="k">Computer Science Society</subfield>
            <subfield code="h">Deutschland</subfield>
            <subfield code="9">(DE-588)2011903-3</subfield>
          </datafield>
          <datafield tag="PKO" ind1="-" ind2="2">
            <subfield code="k">German Computing Science Organization</subfield>
            <subfield code="9">(DE-588)2011903-3</subfield>
          </datafield>
          <datafield tag="PKO" ind1="-" ind2="2">
            <subfield code="k">Computing Science Organization</subfield>
            <subfield code="h">Deutschland</subfield>
            <subfield code="9">(DE-588)2011903-3</subfield>
          </datafield>
          <datafield tag="PKO" ind1="-" ind2="2">
            <subfield code="k">GI</subfield>
            <subfield code="9">(DE-588)2011903-3</subfield>
          </datafield>
          <datafield tag="PKO" ind1="-" ind2="2">
            <subfield code="k">Gesellschaft für Informatik e.V.</subfield>
            <subfield code="9">(DE-588)2011903-3</subfield>
          </datafield>
          <datafield tag="PKO" ind1="-" ind2="2">
            <subfield code="k">German Society of Informatics</subfield>
            <subfield code="9">(DE-588)2011903-3</subfield>
          </datafield>
          <datafield tag="PKO" ind1="-" ind2="2">
            <subfield code="k">Society of Informatics</subfield>
            <subfield code="h">Deutschland, Bundesrepublik</subfield>
            <subfield code="9">(DE-588)2011903-3</subfield>
          </datafield>
          <datafield tag="PKO" ind1="-" ind2="2">
            <subfield code="k">Society of Informatics</subfield>
            <subfield code="h">Deutschland</subfield>
            <subfield code="9">(DE-588)2011903-3</subfield>
          </datafield>
          <datafield tag="PKO" ind1="-" ind2="2">
            <subfield code="k">Society of Computer Science</subfield>
            <subfield code="h">Deutschland</subfield>
            <subfield code="9">(DE-588)2011903-3</subfield>
          </datafield>
          <datafield tag="PKO" ind1="-" ind2="2">
            <subfield code="k">German Society of Computer Science</subfield>
            <subfield code="9">(DE-588)2011903-3</subfield>
          </datafield>
          <datafield tag="PKO" ind1="-" ind2="2">
            <subfield code="k">German Informatics Society</subfield>
            <subfield code="9">(DE-588)2011903-3</subfield>
          </datafield>
          <datafield tag="PKO" ind1="-" ind2="2">
            <subfield code="k">Informatics Society</subfield>
            <subfield code="h">Deutschland</subfield>
            <subfield code="9">(DE-588)2011903-3</subfield>
          </datafield>
          <datafield tag="PKO" ind1="-" ind2="2">
            <subfield code="k">German Computer Science Society</subfield>
            <subfield code="9">(DE-588)2011903-3</subfield>
          </datafield>
          <datafield tag="PKO" ind1="-" ind2="2">
            <subfield code="k">Computer Science Society</subfield>
            <subfield code="h">Deutschland</subfield>
            <subfield code="9">(DE-588)2011903-3</subfield>
          </datafield>
          <datafield tag="PKO" ind1="-" ind2="2">
            <subfield code="k">German Computing Science Organization</subfield>
            <subfield code="9">(DE-588)2011903-3</subfield>
          </datafield>
          <datafield tag="PKO" ind1="-" ind2="2">
            <subfield code="k">Computing Science Organization</subfield>
            <subfield code="h">Deutschland</subfield>
            <subfield code="9">(DE-588)2011903-3</subfield>
          </datafield>
          <datafield tag="PKO" ind1="-" ind2="2">
            <subfield code="k">GI</subfield>
            <subfield code="9">(DE-588)2011903-3</subfield>
          </datafield>
          <datafield tag="PKO" ind1="-" ind2="2">
            <subfield code="k">Gesellschaft für Informatik e.V.</subfield>
            <subfield code="9">(DE-588)2011903-3</subfield>
          </datafield>
          <datafield tag="PSW" ind1="-" ind2="2">
            <subfield code="s">Software-Engineering</subfield>
            <subfield code="9">(DE-588)4116521-4</subfield>
          </datafield>
          <datafield tag="PSW" ind1="-" ind2="2">
            <subfield code="s">Softwaretechnologie</subfield>
            <subfield code="9">(DE-588)4116521-4</subfield>
          </datafield>
          <datafield tag="PSW" ind1="-" ind2="2">
            <subfield code="s">Softwaretechnik</subfield>
            <subfield code="9">(DE-588)4116521-4</subfield>
          </datafield>
          <datafield tag="PSW" ind1="-" ind2="2">
            <subfield code="s">Software-Engineering</subfield>
            <subfield code="9">(DE-588)4116521-4</subfield>
          </datafield>
          <datafield tag="PSW" ind1="-" ind2="2">
            <subfield code="s">Softwaretechnologie</subfield>
            <subfield code="9">(DE-588)4116521-4</subfield>
          </datafield>
          <datafield tag="PSW" ind1="-" ind2="2">
            <subfield code="s">Softwaretechnik</subfield>
            <subfield code="9">(DE-588)4116521-4</subfield>
          </datafield>
          <datafield tag="PKO" ind1="-" ind2="2">
            <subfield code="k">GI-Fachbereich Softwaretechnik</subfield>
            <subfield code="9">(DE-588)10099075-7</subfield>
          </datafield>
          <datafield tag="PKO" ind1="-" ind2="2">
            <subfield code="k">SWT</subfield>
            <subfield code="9">(DE-588)10099075-7</subfield>
          </datafield>
          <datafield tag="PKO" ind1="-" ind2="2">
            <subfield code="k">German Society of Informatics</subfield>
            <subfield code="9">(DE-588)2011903-3</subfield>
          </datafield>
          <datafield tag="PKO" ind1="-" ind2="2">
            <subfield code="k">Society of Informatics</subfield>
            <subfield code="h">Deutschland, Bundesrepublik</subfield>
            <subfield code="9">(DE-588)2011903-3</subfield>
          </datafield>
          <datafield tag="PKO" ind1="-" ind2="2">
            <subfield code="k">Society of Informatics</subfield>
            <subfield code="h">Deutschland</subfield>
            <subfield code="9">(DE-588)2011903-3</subfield>
          </datafield>
          <datafield tag="PKO" ind1="-" ind2="2">
            <subfield code="k">Society of Computer Science</subfield>
            <subfield code="h">Deutschland</subfield>
            <subfield code="9">(DE-588)2011903-3</subfield>
          </datafield>
          <datafield tag="PKO" ind1="-" ind2="2">
            <subfield code="k">German Society of Computer Science</subfield>
            <subfield code="9">(DE-588)2011903-3</subfield>
          </datafield>
          <datafield tag="PKO" ind1="-" ind2="2">
            <subfield code="k">German Informatics Society</subfield>
            <subfield code="9">(DE-588)2011903-3</subfield>
          </datafield>
          <datafield tag="PKO" ind1="-" ind2="2">
            <subfield code="k">Informatics Society</subfield>
            <subfield code="h">Deutschland</subfield>
            <subfield code="9">(DE-588)2011903-3</subfield>
          </datafield>
          <datafield tag="PKO" ind1="-" ind2="2">
            <subfield code="k">German Computer Science Society</subfield>
            <subfield code="9">(DE-588)2011903-3</subfield>
          </datafield>
          <datafield tag="PKO" ind1="-" ind2="2">
            <subfield code="k">Computer Science Society</subfield>
            <subfield code="h">Deutschland</subfield>
            <subfield code="9">(DE-588)2011903-3</subfield>
          </datafield>
          <datafield tag="PKO" ind1="-" ind2="2">
            <subfield code="k">German Computing Science Organization</subfield>
            <subfield code="9">(DE-588)2011903-3</subfield>
          </datafield>
          <datafield tag="PKO" ind1="-" ind2="2">
            <subfield code="k">Computing Science Organization</subfield>
            <subfield code="h">Deutschland</subfield>
            <subfield code="9">(DE-588)2011903-3</subfield>
          </datafield>
          <datafield tag="PKO" ind1="-" ind2="2">
            <subfield code="k">GI</subfield>
            <subfield code="9">(DE-588)2011903-3</subfield>
          </datafield>
          <datafield tag="PKO" ind1="-" ind2="2">
            <subfield code="k">Gesellschaft für Informatik e.V.</subfield>
            <subfield code="9">(DE-588)2011903-3</subfield>
          </datafield>
          <datafield tag="PKO" ind1="-" ind2="2">
            <subfield code="k">German Society of Informatics</subfield>
            <subfield code="9">(DE-588)2011903-3</subfield>
          </datafield>
          <datafield tag="PKO" ind1="-" ind2="2">
            <subfield code="k">Society of Informatics</subfield>
            <subfield code="h">Deutschland, Bundesrepublik</subfield>
            <subfield code="9">(DE-588)2011903-3</subfield>
          </datafield>
          <datafield tag="PKO" ind1="-" ind2="2">
            <subfield code="k">Society of Informatics</subfield>
            <subfield code="h">Deutschland</subfield>
            <subfield code="9">(DE-588)2011903-3</subfield>
          </datafield>
          <datafield tag="PKO" ind1="-" ind2="2">
            <subfield code="k">Society of Computer Science</subfield>
            <subfield code="h">Deutschland</subfield>
            <subfield code="9">(DE-588)2011903-3</subfield>
          </datafield>
          <datafield tag="PKO" ind1="-" ind2="2">
            <subfield code="k">German Society of Computer Science</subfield>
            <subfield code="9">(DE-588)2011903-3</subfield>
          </datafield>
          <datafield tag="PKO" ind1="-" ind2="2">
            <subfield code="k">German Informatics Society</subfield>
            <subfield code="9">(DE-588)2011903-3</subfield>
          </datafield>
          <datafield tag="PKO" ind1="-" ind2="2">
            <subfield code="k">Informatics Society</subfield>
            <subfield code="h">Deutschland</subfield>
            <subfield code="9">(DE-588)2011903-3</subfield>
          </datafield>
          <datafield tag="PKO" ind1="-" ind2="2">
            <subfield code="k">German Computer Science Society</subfield>
            <subfield code="9">(DE-588)2011903-3</subfield>
          </datafield>
          <datafield tag="PKO" ind1="-" ind2="2">
            <subfield code="k">Computer Science Society</subfield>
            <subfield code="h">Deutschland</subfield>
            <subfield code="9">(DE-588)2011903-3</subfield>
          </datafield>
          <datafield tag="PKO" ind1="-" ind2="2">
            <subfield code="k">German Computing Science Organization</subfield>
            <subfield code="9">(DE-588)2011903-3</subfield>
          </datafield>
          <datafield tag="PKO" ind1="-" ind2="2">
            <subfield code="k">Computing Science Organization</subfield>
            <subfield code="h">Deutschland</subfield>
            <subfield code="9">(DE-588)2011903-3</subfield>
          </datafield>
          <datafield tag="PKO" ind1="-" ind2="2">
            <subfield code="k">GI</subfield>
            <subfield code="9">(DE-588)2011903-3</subfield>
          </datafield>
          <datafield tag="PKO" ind1="-" ind2="2">
            <subfield code="k">Gesellschaft für Informatik e.V.</subfield>
            <subfield code="9">(DE-588)2011903-3</subfield>
          </datafield>
          <datafield tag="PKO" ind1="-" ind2="2">
            <subfield code="k">German Society of Informatics</subfield>
            <subfield code="9">(DE-588)2011903-3</subfield>
          </datafield>
          <datafield tag="PKO" ind1="-" ind2="2">
            <subfield code="k">Society of Informatics</subfield>
            <subfield code="h">Deutschland, Bundesrepublik</subfield>
            <subfield code="9">(DE-588)2011903-3</subfield>
          </datafield>
          <datafield tag="PKO" ind1="-" ind2="2">
            <subfield code="k">Society of Informatics</subfield>
            <subfield code="h">Deutschland</subfield>
            <subfield code="9">(DE-588)2011903-3</subfield>
          </datafield>
          <datafield tag="PKO" ind1="-" ind2="2">
            <subfield code="k">Society of Computer Science</subfield>
            <subfield code="h">Deutschland</subfield>
            <subfield code="9">(DE-588)2011903-3</subfield>
          </datafield>
          <datafield tag="PKO" ind1="-" ind2="2">
            <subfield code="k">German Society of Computer Science</subfield>
            <subfield code="9">(DE-588)2011903-3</subfield>
          </datafield>
          <datafield tag="PKO" ind1="-" ind2="2">
            <subfield code="k">German Informatics Society</subfield>
            <subfield code="9">(DE-588)2011903-3</subfield>
          </datafield>
          <datafield tag="PKO" ind1="-" ind2="2">
            <subfield code="k">Informatics Society</subfield>
            <subfield code="h">Deutschland</subfield>
            <subfield code="9">(DE-588)2011903-3</subfield>
          </datafield>
          <datafield tag="PKO" ind1="-" ind2="2">
            <subfield code="k">German Computer Science Society</subfield>
            <subfield code="9">(DE-588)2011903-3</subfield>
          </datafield>
          <datafield tag="PKO" ind1="-" ind2="2">
            <subfield code="k">Computer Science Society</subfield>
            <subfield code="h">Deutschland</subfield>
            <subfield code="9">(DE-588)2011903-3</subfield>
          </datafield>
          <datafield tag="PKO" ind1="-" ind2="2">
            <subfield code="k">German Computing Science Organization</subfield>
            <subfield code="9">(DE-588)2011903-3</subfield>
          </datafield>
          <datafield tag="PKO" ind1="-" ind2="2">
            <subfield code="k">Computing Science Organization</subfield>
            <subfield code="h">Deutschland</subfield>
            <subfield code="9">(DE-588)2011903-3</subfield>
          </datafield>
          <datafield tag="PKO" ind1="-" ind2="2">
            <subfield code="k">GI</subfield>
            <subfield code="9">(DE-588)2011903-3</subfield>
          </datafield>
          <datafield tag="PKO" ind1="-" ind2="2">
            <subfield code="k">Gesellschaft für Informatik e.V.</subfield>
            <subfield code="9">(DE-588)2011903-3</subfield>
          </datafield>
          <datafield tag="PKO" ind1="-" ind2="2">
            <subfield code="k">German Society of Informatics</subfield>
            <subfield code="9">(DE-588)2011903-3</subfield>
          </datafield>
          <datafield tag="PKO" ind1="-" ind2="2">
            <subfield code="k">Society of Informatics</subfield>
            <subfield code="h">Deutschland, Bundesrepublik</subfield>
            <subfield code="9">(DE-588)2011903-3</subfield>
          </datafield>
          <datafield tag="PKO" ind1="-" ind2="2">
            <subfield code="k">Society of Informatics</subfield>
            <subfield code="h">Deutschland</subfield>
            <subfield code="9">(DE-588)2011903-3</subfield>
          </datafield>
          <datafield tag="PKO" ind1="-" ind2="2">
            <subfield code="k">Society of Computer Science</subfield>
            <subfield code="h">Deutschland</subfield>
            <subfield code="9">(DE-588)2011903-3</subfield>
          </datafield>
          <datafield tag="PKO" ind1="-" ind2="2">
            <subfield code="k">German Society of Computer Science</subfield>
            <subfield code="9">(DE-588)2011903-3</subfield>
          </datafield>
          <datafield tag="PKO" ind1="-" ind2="2">
            <subfield code="k">German Informatics Society</subfield>
            <subfield code="9">(DE-588)2011903-3</subfield>
          </datafield>
          <datafield tag="PKO" ind1="-" ind2="2">
            <subfield code="k">Informatics Society</subfield>
            <subfield code="h">Deutschland</subfield>
            <subfield code="9">(DE-588)2011903-3</subfield>
          </datafield>
          <datafield tag="PKO" ind1="-" ind2="2">
            <subfield code="k">German Computer Science Society</subfield>
            <subfield code="9">(DE-588)2011903-3</subfield>
          </datafield>
          <datafield tag="PKO" ind1="-" ind2="2">
            <subfield code="k">Computer Science Society</subfield>
            <subfield code="h">Deutschland</subfield>
            <subfield code="9">(DE-588)2011903-3</subfield>
          </datafield>
          <datafield tag="PKO" ind1="-" ind2="2">
            <subfield code="k">German Computing Science Organization</subfield>
            <subfield code="9">(DE-588)2011903-3</subfield>
          </datafield>
          <datafield tag="PKO" ind1="-" ind2="2">
            <subfield code="k">Computing Science Organization</subfield>
            <subfield code="h">Deutschland</subfield>
            <subfield code="9">(DE-588)2011903-3</subfield>
          </datafield>
          <datafield tag="PKO" ind1="-" ind2="2">
            <subfield code="k">GI</subfield>
            <subfield code="9">(DE-588)2011903-3</subfield>
          </datafield>
          <datafield tag="PKO" ind1="-" ind2="2">
            <subfield code="k">Gesellschaft für Informatik e.V.</subfield>
            <subfield code="9">(DE-588)2011903-3</subfield>
          </datafield>
          <datafield tag="PKO" ind1="-" ind2="2">
            <subfield code="k">German Society of Informatics</subfield>
            <subfield code="9">(DE-588)2011903-3</subfield>
          </datafield>
          <datafield tag="PKO" ind1="-" ind2="2">
            <subfield code="k">Society of Informatics</subfield>
            <subfield code="h">Deutschland, Bundesrepublik</subfield>
            <subfield code="9">(DE-588)2011903-3</subfield>
          </datafield>
          <datafield tag="PKO" ind1="-" ind2="2">
            <subfield code="k">Society of Informatics</subfield>
            <subfield code="h">Deutschland</subfield>
            <subfield code="9">(DE-588)2011903-3</subfield>
          </datafield>
          <datafield tag="PKO" ind1="-" ind2="2">
            <subfield code="k">Society of Computer Science</subfield>
            <subfield code="h">Deutschland</subfield>
            <subfield code="9">(DE-588)2011903-3</subfield>
          </datafield>
          <datafield tag="PKO" ind1="-" ind2="2">
            <subfield code="k">German Society of Computer Science</subfield>
            <subfield code="9">(DE-588)2011903-3</subfield>
          </datafield>
          <datafield tag="PKO" ind1="-" ind2="2">
            <subfield code="k">German Informatics Society</subfield>
            <subfield code="9">(DE-588)2011903-3</subfield>
          </datafield>
          <datafield tag="PKO" ind1="-" ind2="2">
            <subfield code="k">Informatics Society</subfield>
            <subfield code="h">Deutschland</subfield>
            <subfield code="9">(DE-588)2011903-3</subfield>
          </datafield>
          <datafield tag="PKO" ind1="-" ind2="2">
            <subfield code="k">German Computer Science Society</subfield>
            <subfield code="9">(DE-588)2011903-3</subfield>
          </datafield>
          <datafield tag="PKO" ind1="-" ind2="2">
            <subfield code="k">Computer Science Society</subfield>
            <subfield code="h">Deutschland</subfield>
            <subfield code="9">(DE-588)2011903-3</subfield>
          </datafield>
          <datafield tag="PKO" ind1="-" ind2="2">
            <subfield code="k">German Computing Science Organization</subfield>
            <subfield code="9">(DE-588)2011903-3</subfield>
          </datafield>
          <datafield tag="PKO" ind1="-" ind2="2">
            <subfield code="k">Computing Science Organization</subfield>
            <subfield code="h">Deutschland</subfield>
            <subfield code="9">(DE-588)2011903-3</subfield>
          </datafield>
          <datafield tag="PKO" ind1="-" ind2="2">
            <subfield code="k">GI</subfield>
            <subfield code="9">(DE-588)2011903-3</subfield>
          </datafield>
          <datafield tag="PKO" ind1="-" ind2="2">
            <subfield code="k">Gesellschaft für Informatik e.V.</subfield>
            <subfield code="9">(DE-588)2011903-3</subfield>
          </datafield>
          <datafield tag="PKO" ind1="-" ind2="2">
            <subfield code="k">German Society of Informatics</subfield>
            <subfield code="9">(DE-588)2011903-3</subfield>
          </datafield>
          <datafield tag="PKO" ind1="-" ind2="2">
            <subfield code="k">Society of Informatics</subfield>
            <subfield code="h">Deutschland, Bundesrepublik</subfield>
            <subfield code="9">(DE-588)2011903-3</subfield>
          </datafield>
          <datafield tag="PKO" ind1="-" ind2="2">
            <subfield code="k">Society of Informatics</subfield>
            <subfield code="h">Deutschland</subfield>
            <subfield code="9">(DE-588)2011903-3</subfield>
          </datafield>
          <datafield tag="PKO" ind1="-" ind2="2">
            <subfield code="k">Society of Computer Science</subfield>
            <subfield code="h">Deutschland</subfield>
            <subfield code="9">(DE-588)2011903-3</subfield>
          </datafield>
          <datafield tag="PKO" ind1="-" ind2="2">
            <subfield code="k">German Society of Computer Science</subfield>
            <subfield code="9">(DE-588)2011903-3</subfield>
          </datafield>
          <datafield tag="PKO" ind1="-" ind2="2">
            <subfield code="k">German Informatics Society</subfield>
            <subfield code="9">(DE-588)2011903-3</subfield>
          </datafield>
          <datafield tag="PKO" ind1="-" ind2="2">
            <subfield code="k">Informatics Society</subfield>
            <subfield code="h">Deutschland</subfield>
            <subfield code="9">(DE-588)2011903-3</subfield>
          </datafield>
          <datafield tag="PKO" ind1="-" ind2="2">
            <subfield code="k">German Computer Science Society</subfield>
            <subfield code="9">(DE-588)2011903-3</subfield>
          </datafield>
          <datafield tag="PKO" ind1="-" ind2="2">
            <subfield code="k">Computer Science Society</subfield>
            <subfield code="h">Deutschland</subfield>
            <subfield code="9">(DE-588)2011903-3</subfield>
          </datafield>
          <datafield tag="PKO" ind1="-" ind2="2">
            <subfield code="k">German Computing Science Organization</subfield>
            <subfield code="9">(DE-588)2011903-3</subfield>
          </datafield>
          <datafield tag="PKO" ind1="-" ind2="2">
            <subfield code="k">Computing Science Organization</subfield>
            <subfield code="h">Deutschland</subfield>
            <subfield code="9">(DE-588)2011903-3</subfield>
          </datafield>
          <datafield tag="PKO" ind1="-" ind2="2">
            <subfield code="k">GI</subfield>
            <subfield code="9">(DE-588)2011903-3</subfield>
          </datafield>
          <datafield tag="PKO" ind1="-" ind2="2">
            <subfield code="k">Gesellschaft für Informatik e.V.</subfield>
            <subfield code="9">(DE-588)2011903-3</subfield>
          </datafield>
          <datafield tag="PKO" ind1="-" ind2="2">
            <subfield code="k">German Society of Informatics</subfield>
            <subfield code="9">(DE-588)2011903-3</subfield>
          </datafield>
          <datafield tag="PKO" ind1="-" ind2="2">
            <subfield code="k">Society of Informatics</subfield>
            <subfield code="h">Deutschland, Bundesrepublik</subfield>
            <subfield code="9">(DE-588)2011903-3</subfield>
          </datafield>
          <datafield tag="PKO" ind1="-" ind2="2">
            <subfield code="k">Society of Informatics</subfield>
            <subfield code="h">Deutschland</subfield>
            <subfield code="9">(DE-588)2011903-3</subfield>
          </datafield>
          <datafield tag="PKO" ind1="-" ind2="2">
            <subfield code="k">Society of Computer Science</subfield>
            <subfield code="h">Deutschland</subfield>
            <subfield code="9">(DE-588)2011903-3</subfield>
          </datafield>
          <datafield tag="PKO" ind1="-" ind2="2">
            <subfield code="k">German Society of Computer Science</subfield>
            <subfield code="9">(DE-588)2011903-3</subfield>
          </datafield>
          <datafield tag="PKO" ind1="-" ind2="2">
            <subfield code="k">German Informatics Society</subfield>
            <subfield code="9">(DE-588)2011903-3</subfield>
          </datafield>
          <datafield tag="PKO" ind1="-" ind2="2">
            <subfield code="k">Informatics Society</subfield>
            <subfield code="h">Deutschland</subfield>
            <subfield code="9">(DE-588)2011903-3</subfield>
          </datafield>
          <datafield tag="PKO" ind1="-" ind2="2">
            <subfield code="k">German Computer Science Society</subfield>
            <subfield code="9">(DE-588)2011903-3</subfield>
          </datafield>
          <datafield tag="PKO" ind1="-" ind2="2">
            <subfield code="k">Computer Science Society</subfield>
            <subfield code="h">Deutschland</subfield>
            <subfield code="9">(DE-588)2011903-3</subfield>
          </datafield>
          <datafield tag="PKO" ind1="-" ind2="2">
            <subfield code="k">German Computing Science Organization</subfield>
            <subfield code="9">(DE-588)2011903-3</subfield>
          </datafield>
          <datafield tag="PKO" ind1="-" ind2="2">
            <subfield code="k">Computing Science Organization</subfield>
            <subfield code="h">Deutschland</subfield>
            <subfield code="9">(DE-588)2011903-3</subfield>
          </datafield>
          <datafield tag="PKO" ind1="-" ind2="2">
            <subfield code="k">GI</subfield>
            <subfield code="9">(DE-588)2011903-3</subfield>
          </datafield>
          <datafield tag="PKO" ind1="-" ind2="2">
            <subfield code="k">Gesellschaft für Informatik e.V.</subfield>
            <subfield code="9">(DE-588)2011903-3</subfield>
          </datafield>
          <datafield tag="PKO" ind1="-" ind2="2">
            <subfield code="k">German Society of Informatics</subfield>
            <subfield code="9">(DE-588)2011903-3</subfield>
          </datafield>
          <datafield tag="PKO" ind1="-" ind2="2">
            <subfield code="k">Society of Informatics</subfield>
            <subfield code="h">Deutschland, Bundesrepublik</subfield>
            <subfield code="9">(DE-588)2011903-3</subfield>
          </datafield>
          <datafield tag="PKO" ind1="-" ind2="2">
            <subfield code="k">Society of Informatics</subfield>
            <subfield code="h">Deutschland</subfield>
            <subfield code="9">(DE-588)2011903-3</subfield>
          </datafield>
          <datafield tag="PKO" ind1="-" ind2="2">
            <subfield code="k">Society of Computer Science</subfield>
            <subfield code="h">Deutschland</subfield>
            <subfield code="9">(DE-588)2011903-3</subfield>
          </datafield>
          <datafield tag="PKO" ind1="-" ind2="2">
            <subfield code="k">German Society of Computer Science</subfield>
            <subfield code="9">(DE-588)2011903-3</subfield>
          </datafield>
          <datafield tag="PKO" ind1="-" ind2="2">
            <subfield code="k">German Informatics Society</subfield>
            <subfield code="9">(DE-588)2011903-3</subfield>
          </datafield>
          <datafield tag="PKO" ind1="-" ind2="2">
            <subfield code="k">Informatics Society</subfield>
            <subfield code="h">Deutschland</subfield>
            <subfield code="9">(DE-588)2011903-3</subfield>
          </datafield>
          <datafield tag="PKO" ind1="-" ind2="2">
            <subfield code="k">German Computer Science Society</subfield>
            <subfield code="9">(DE-588)2011903-3</subfield>
          </datafield>
          <datafield tag="PKO" ind1="-" ind2="2">
            <subfield code="k">Computer Science Society</subfield>
            <subfield code="h">Deutschland</subfield>
            <subfield code="9">(DE-588)2011903-3</subfield>
          </datafield>
          <datafield tag="PKO" ind1="-" ind2="2">
            <subfield code="k">German Computing Science Organization</subfield>
            <subfield code="9">(DE-588)2011903-3</subfield>
          </datafield>
          <datafield tag="PKO" ind1="-" ind2="2">
            <subfield code="k">Computing Science Organization</subfield>
            <subfield code="h">Deutschland</subfield>
            <subfield code="9">(DE-588)2011903-3</subfield>
          </datafield>
          <datafield tag="PKO" ind1="-" ind2="2">
            <subfield code="k">GI</subfield>
            <subfield code="9">(DE-588)2011903-3</subfield>
          </datafield>
          <datafield tag="PKO" ind1="-" ind2="2">
            <subfield code="k">Gesellschaft für Informatik e.V.</subfield>
            <subfield code="9">(DE-588)2011903-3</subfield>
          </datafield>
          <datafield tag="PKO" ind1="-" ind2="2">
            <subfield code="k">German Society of Informatics</subfield>
            <subfield code="9">(DE-588)2011903-3</subfield>
          </datafield>
          <datafield tag="PKO" ind1="-" ind2="2">
            <subfield code="k">Society of Informatics</subfield>
            <subfield code="h">Deutschland, Bundesrepublik</subfield>
            <subfield code="9">(DE-588)2011903-3</subfield>
          </datafield>
          <datafield tag="PKO" ind1="-" ind2="2">
            <subfield code="k">Society of Informatics</subfield>
            <subfield code="h">Deutschland</subfield>
            <subfield code="9">(DE-588)2011903-3</subfield>
          </datafield>
          <datafield tag="PKO" ind1="-" ind2="2">
            <subfield code="k">Society of Computer Science</subfield>
            <subfield code="h">Deutschland</subfield>
            <subfield code="9">(DE-588)2011903-3</subfield>
          </datafield>
          <datafield tag="PKO" ind1="-" ind2="2">
            <subfield code="k">German Society of Computer Science</subfield>
            <subfield code="9">(DE-588)2011903-3</subfield>
          </datafield>
          <datafield tag="PKO" ind1="-" ind2="2">
            <subfield code="k">German Informatics Society</subfield>
            <subfield code="9">(DE-588)2011903-3</subfield>
          </datafield>
          <datafield tag="PKO" ind1="-" ind2="2">
            <subfield code="k">Informatics Society</subfield>
            <subfield code="h">Deutschland</subfield>
            <subfield code="9">(DE-588)2011903-3</subfield>
          </datafield>
          <datafield tag="PKO" ind1="-" ind2="2">
            <subfield code="k">German Computer Science Society</subfield>
            <subfield code="9">(DE-588)2011903-3</subfield>
          </datafield>
          <datafield tag="PKO" ind1="-" ind2="2">
            <subfield code="k">Computer Science Society</subfield>
            <subfield code="h">Deutschland</subfield>
            <subfield code="9">(DE-588)2011903-3</subfield>
          </datafield>
          <datafield tag="PKO" ind1="-" ind2="2">
            <subfield code="k">German Computing Science Organization</subfield>
            <subfield code="9">(DE-588)2011903-3</subfield>
          </datafield>
          <datafield tag="PKO" ind1="-" ind2="2">
            <subfield code="k">Computing Science Organization</subfield>
            <subfield code="h">Deutschland</subfield>
            <subfield code="9">(DE-588)2011903-3</subfield>
          </datafield>
          <datafield tag="PKO" ind1="-" ind2="2">
            <subfield code="k">GI</subfield>
            <subfield code="9">(DE-588)2011903-3</subfield>
          </datafield>
          <datafield tag="PKO" ind1="-" ind2="2">
            <subfield code="k">Gesellschaft für Informatik e.V.</subfield>
            <subfield code="9">(DE-588)2011903-3</subfield>
          </datafield>
          <datafield tag="PKO" ind1="-" ind2="2">
            <subfield code="k">German Society of Informatics</subfield>
            <subfield code="9">(DE-588)2011903-3</subfield>
          </datafield>
          <datafield tag="PKO" ind1="-" ind2="2">
            <subfield code="k">Society of Informatics</subfield>
            <subfield code="h">Deutschland, Bundesrepublik</subfield>
            <subfield code="9">(DE-588)2011903-3</subfield>
          </datafield>
          <datafield tag="PKO" ind1="-" ind2="2">
            <subfield code="k">Society of Informatics</subfield>
            <subfield code="h">Deutschland</subfield>
            <subfield code="9">(DE-588)2011903-3</subfield>
          </datafield>
          <datafield tag="PKO" ind1="-" ind2="2">
            <subfield code="k">Society of Computer Science</subfield>
            <subfield code="h">Deutschland</subfield>
            <subfield code="9">(DE-588)2011903-3</subfield>
          </datafield>
          <datafield tag="PKO" ind1="-" ind2="2">
            <subfield code="k">German Society of Computer Science</subfield>
            <subfield code="9">(DE-588)2011903-3</subfield>
          </datafield>
          <datafield tag="PKO" ind1="-" ind2="2">
            <subfield code="k">German Informatics Society</subfield>
            <subfield code="9">(DE-588)2011903-3</subfield>
          </datafield>
          <datafield tag="PKO" ind1="-" ind2="2">
            <subfield code="k">Informatics Society</subfield>
            <subfield code="h">Deutschland</subfield>
            <subfield code="9">(DE-588)2011903-3</subfield>
          </datafield>
          <datafield tag="PKO" ind1="-" ind2="2">
            <subfield code="k">German Computer Science Society</subfield>
            <subfield code="9">(DE-588)2011903-3</subfield>
          </datafield>
          <datafield tag="PKO" ind1="-" ind2="2">
            <subfield code="k">Computer Science Society</subfield>
            <subfield code="h">Deutschland</subfield>
            <subfield code="9">(DE-588)2011903-3</subfield>
          </datafield>
          <datafield tag="PKO" ind1="-" ind2="2">
            <subfield code="k">German Computing Science Organization</subfield>
            <subfield code="9">(DE-588)2011903-3</subfield>
          </datafield>
          <datafield tag="PKO" ind1="-" ind2="2">
            <subfield code="k">Computing Science Organization</subfield>
            <subfield code="h">Deutschland</subfield>
            <subfield code="9">(DE-588)2011903-3</subfield>
          </datafield>
          <datafield tag="PKO" ind1="-" ind2="2">
            <subfield code="k">GI</subfield>
            <subfield code="9">(DE-588)2011903-3</subfield>
          </datafield>
          <datafield tag="PKO" ind1="-" ind2="2">
            <subfield code="k">Gesellschaft für Informatik e.V.</subfield>
            <subfield code="9">(DE-588)2011903-3</subfield>
          </datafield>
          <datafield tag="PSW" ind1="-" ind2="2">
            <subfield code="s">Software-Engineering</subfield>
            <subfield code="9">(DE-588)4116521-4</subfield>
          </datafield>
          <datafield tag="PSW" ind1="-" ind2="2">
            <subfield code="s">Softwaretechnologie</subfield>
            <subfield code="9">(DE-588)4116521-4</subfield>
          </datafield>
          <datafield tag="PSW" ind1="-" ind2="2">
            <subfield code="s">Softwaretechnik</subfield>
            <subfield code="9">(DE-588)4116521-4</subfield>
          </datafield>
          <datafield tag="PKO" ind1="-" ind2="2">
            <subfield code="e">Fachtagung Software Engineering</subfield>
            <subfield code="n">9</subfield>
            <subfield code="d">2013</subfield>
            <subfield code="c">Aachen</subfield>
            <subfield code="9">(DE-588)1031778551</subfield>
          </datafield>
          <datafield tag="PKO" ind1="-" ind2="2">
            <subfield code="e">Software-Engineering-Tagungsreihe</subfield>
            <subfield code="n">9</subfield>
            <subfield code="d">2013</subfield>
            <subfield code="c">Aachen</subfield>
            <subfield code="9">(DE-588)1031778551</subfield>
          </datafield>
          <datafield tag="PKO" ind1="-" ind2="2">
            <subfield code="e">SE</subfield>
            <subfield code="n">9</subfield>
            <subfield code="d">2013</subfield>
            <subfield code="c">Aachen</subfield>
            <subfield code="9">(DE-588)1031778551</subfield>
          </datafield>
          <datafield tag="700" ind1=" " ind2=" ">
            <subfield code="a">TWQ</subfield>
          </datafield>
          <datafield tag="700" ind1=" " ind2=" ">
            <subfield code="a">TTQ</subfield>
          </datafield>
          <datafield tag="OWN" ind1=" " ind2=" ">
            <subfield code="a">P0001</subfield>
            <subfield code="n">466 - Paderborn: UB</subfield>
          </datafield>
          <datafield tag="655" ind1=" " ind2=" ">
            <subfield code="y">Software Engineering 2013</subfield>
            <subfield code="t">VIEW</subfield>
            <subfield code="u">http://digitool.hbz-nrw.de:1801/webclient/DeliveryManager?pid=5112197&amp;custom_att_2=simple_viewer</subfield>
          </datafield>
          <datafield tag="TXT" ind1=" " ind2=" ">
            <subfield code="a">TITEL: SOFTWARE ENGINEERING 2013 AUTOR: KOWALEWSKI, STEFAN JAHR: 2013 INHALTSVERZEICHNIS EINGELADENE VORTRAEGE GREGOR ENGELS ON-THE-FLY COMPUTING - DAS ENTWICKLUNGS- UND BETRIEBSPARADIGMA FUER SOFTWARESYSTEME DER ZUKUNFT......................................................................................... 17 MARTIN GLINZ, SAMUEL FRICKER ON SHARED UNDERSTANDING IN SOFTWARE ENGINEERING..................................................... 19 URSULA GOLTZ DESIGN FOR FUTURE: DAS DFG-SCHWERPUNKTPROGRAMM FUER LANGLEBIGE SOFTWARESYSTEME............................................................................................................37 CHRIS RUPP WIEVIEL USABILITY-ENGINEERING BRAUCHT DAS REQUIREMENTS-ENGINEERING? ....................39 BIRGIT VOGEL-HEUSER, CHRISTIAN DIEDRICH, ALEXANDER FAY, PETER GOEHNER ANFORDERUNGEN AN DAS SOFTWARE-ENGINEERING IN DER AUTOMATISIERUNGSTECHNIK................................................................................................51 ANDREAS ZELLER DIE SAARBRUECKER GRADUIERTENSCHULE DER INFORMATIK......................................................67 FORSCHUNGSBERICHTE MATTHIAS BECKER, STEFFEN BECKER, JOACHIM MEYER SIMULIZAR: DESIGN-TIME MODELING AND PERFORMANCE ANALYSIS OF SELF-ADAPTIVE SYSTEMS....................................................................................................71 ALEXANDER BERGMAYR, MANUEL WIMMER, WERNER RETSCHITZEGGER, UWE ZDUN TAKING THE PICK OUT OFTHE BUNCH - TYPE-SAFE SHRINKING OFMETAMODELS.......................85 CHRISTIAN BRENNER, CHRISTIAN HEINZEMANN, WILHELM SCHAEFER, STEFAN HENKLER AUTOMATA-BASED REFINEMENT CHECKING FOR REAL-TIME SYSTEMS.....................................99 STEFAN BURGER UND OLIVER HUMMEL UEBER DIE A USWIRKUNGEN VON REFACTORING AUF SOFTWAREMETRIKEN.................................. 113 RODGER BURMEISTER REACTOR: A NOTATIONFOR THE SPECIFICATION OFACTOR SYSTEMS AND ITS SEMANTICS.............. 127 ANNA HANNEMANN, MICHAEL HACKSTEIN, RALF KLAMMA, MATTHIAS JARKE</subfield>
          </datafield>
          <datafield tag="TXT" ind1=" " ind2=" ">
            <subfield code="a">AN ADAPTIVE FILTER-FRAMEWORK FOR THE QUALITY IMPROVEMENT OF OPEN-SOURCE SOFTWARE ANALYSIS......................................................................................................... 143 ROBERT HEINRICH, BARBARA PAECH ON THE PREDICTION OFTHE MUTUAL IMPACT OF BUSINESS PROCESSES AND ENTERPRISE INFORMATION SYSTEMS..................................................................................................... 157 UDO KELTER, TIMO KEHRER, DENNIS KOCH PATCHEN VON MODELLEN.................................................................................................. 171 MAX LILLACK, JOHANNES MUELLER, ULRICH W. EISENECKER IMPROVED PREDICTION OFNON-FUNCTIONAL PROPERTIES IN SOFTWARE PRODUCT LINES WITH DOMAIN CONTEXT................................................................................................... 185 FRANK ORTMEIER, SIMON STRUCK, JENS MEINICKE A PRAGMATIC APPROACH FOR DEBUGGING PARAMETER-DRIVEN SOFTWARE......................... 199 MARC SCHREIBER, STEFAN HIRTBACH, BODO KRAFT UND ANDREAS STEINMETZLER SOFTWARE IN THE CITY: VISUAL GUIDANCE THROUGH LARGE SCALE SOFTWARE PROJECTS.........213 HAMED SHARIAT YAZDI, PIT PIETSCH, TIMO KEHRER, UDO KELTER STATISTICAL ANALYSIS OF CHANGES FOR SYNTHESIZING REALISTIC TEST MODELS......................225 JANET SIEGMUND, CHRISTIAN KAESTNER, SVEN APEL, ANDRE BRECHMANN, GUNTER SAAKE EXPERIENCE FROM MEASURING PROGRAM COMPREHENSION—TOWARD A GENERAL FRAMEWORK...................................................................................................................239 MARIO WINTER OPTIMALE INTEGRATIONSREIHENFOLGEN..............................................................................259 STEFFEN ZIEGERT, HEIKE WEHRHEIM TEMPORAL RECONFIGURATION PLANS FOR SELF-ADAPTIVE SYSTEMS.......................................271 TRANSFERBERICHTE BERNHARD JUNG, MATTHIAS LENK, ARND VITZTHUM MODEL-DRIVEN MULTI-PLATFORM DEVELOPMENT OF 3D APPLICATIONS WITH ROUND-TRIP</subfield>
          </datafield>
          <datafield tag="TXT" ind1=" " ind2=" ">
            <subfield code="a">ENGINEERING..................................................................................................................287 PETER MANHART SYSTEMATISCHE REKONFIGURATION EINGEBETTETER SOFTWAREBASIERTER FAHRZEUGSYSTEME AUF GRUNDLAGE FORMALISIERBARER KOMPATIBILITAETSDOKUMENTATION UND MERKMALBASIERTER KOMPONENTENMODELLIERUNG..........................................................................................301 ALEXANDER SCHEERER, CHRISTOPH T. SCHMIDT, ARMIN HEINZL, TOBIAS HILDENBRAND, DIRK VOELZ AGILE SOFTWARE ENGINEERING TECHNIQUES: THE MISSING LINK IN LARGE SCALE LEAN PRODUCT DEVELOPMENT..........................................................................................319 CLAUDIA SCHUMACHER, BARIS GUELDALI, GREGOR ENGELS, MARKUS NIEHAMMER, MATTHIAS HAMBURG MODELLBASIERTE BEWERTUNG VON TESTPROZESSEN NACH TPINEXT MIT GESCHAEFTSPROZESS-MUSTERN...........................................................................................331 MARKUS VOSS, MARTIN LEHMANN, DANIEL CONTAG, GEORG FAHLBUSCH, THORSTEN KIMMIG KONTEXTABHAENGIGE BEST PRACTICES IN EINER BESCHLEUNIGTEN SOFTWARETECHNIK...............345 WORKSHOPS OTTMAR BENDER, WOLFGANG BOEHM, STEFAN HENKLER, DIETMAR SANDER, ANDREAS VOGELSANG, THORSTEN WEYER 3. WORKSHOP ZUR ZUKUNFT DER ENTWICKLUNG SOFTWAREINTENSIVER EINGEBETTETER SYSTEME (ENVISON2020)............................................................................................361 ELKE BOUILLON, MATTHIAS RIEBISCH, ILKA PHILIPPOW TRACEABILITY - NUTZUNG UND NUTZEN..............................................................................363 URSULA GOLTZ, LUKAS MARTIN WORKSHOP ON MANAGED SOFTWARE EVOLUTION.................................................................365 MICHAELA HUHN, STEFAN GERKEN, CARSTEN RUDOLPH ZEMOSS- WORKSHOP: ZERTIFIZIERUNG UND MODELLGETRIEBENE ENTWICKLUNG SICHERER SOFTWARE ........................................................................................................367 JENS KNOOP, JANIS VOIGTLAENDER</subfield>
          </datafield>
          <datafield tag="TXT" ind1=" " ind2=" ">
            <subfield code="a">6. ARBEITSTAGUNG PROGRAMMIERSPRACHEN (ATPS 2013) ...............................................369 MARCO KUHRMANN, DANIEL MENDEZ FERNAENDEZ, OLIVER LINSSEN, ALEXANDER KNAPP MODELLIERUNG VON VORGEHENSMODELLEN-PARADIGMEN, SPRACHEN, TOOLS......................371 WALID MAALEJ, DENNIS PAGANO, BERND BRUEGGE FIRST EUROPEAN WORKSHOP ON MOBILE ENGINEERING (ME'13) ......................................373 PIT PIETSCH, UDO KELTER, JAN OLIVER RINGERT INTERNATIONAL WORKSHOP ON COMPARISON AND VERSIONING OF SOFTWARE MODELS (CVSM2013) ....................................................................'......'....................................377 STEFAN SAUER, BENJAMIN KLATT, THOMAS RUHROTH 5. WORKSHOP „DESIGN FOR FUTURE - LANGLEBIGE SOFTWARESYSTEME".............................379</subfield>
          </datafield>
          <datafield tag="PLK" ind1=" " ind2=" ">
            <subfield code="a">UP</subfield>
            <subfield code="l">PAD01</subfield>
            <subfield code="b">001567816</subfield>
            <subfield code="m">Buch;^.^2013</subfield>
            <subfield code="n">Software Engineering 2013.^2013</subfield>
          </datafield>
          <datafield tag="PLK" ind1=" " ind2=" ">
            <subfield code="a">SRU</subfield>
            <subfield code="l">PAD01</subfield>
            <subfield code="b">000847611</subfield>
            <subfield code="m">213.^2013</subfield>
            <subfield code="n">GI-Edition / Proceedings.^2001</subfield>
          </datafield>
          <datafield tag="LOC" ind1=" " ind2=" ">
            <subfield code="m">BOOK</subfield>
            <subfield code="a">P0001</subfield>
            <subfield code="b">40</subfield>
            <subfield code="d">TTQ130018-H</subfield>
            <subfield code="i">13/5483</subfield>
            <subfield code="n">30</subfield>
            <subfield code="k">20130514</subfield>
            <subfield code="5">1567823-10</subfield>
          </datafield>
        </record>
      </metadata>
    </record>
  </ListRecords>
</OAI-PMH>
